@report{
	gdikernel,
	author="Microsoft Corporation",
	title="MS Windows NT Kernel-mode User and GDI White Paper",
	type="White Paper",
	institution="Microsoft Corporation",
	date="2014-02-20"
}
